@inproceedings{iswc12gangemi,
 author = {Gangemi, Aldo and Nuzzolese, Andrea Giovanni and Presutti, Valentina and Draicchio, Francesco and Musetti, Alberto and Ciancarini, Paolo},
 title = {Automatic typing of DBpedia entities},
 booktitle = {Proceedings of the 11th international conference on The Semantic Web - Volume Part I},
 series = {ISWC'12},
 year = {2012},
 isbn = {978-3-642-35175-4},
 location = {Boston, MA},
 pages = {65--81},
 numpages = {17},
 url = {http://dx.doi.org/10.1007/978-3-642-35176-1_5},
 doi = {10.1007/978-3-642-35176-1_5},
 acmid = {2426522},
 publisher = {Springer-Verlag},
 address = {Berlin, Heidelberg},
} 

@inproceedings{iknow13palmero,
 author = { Alessio Palmero Aprosio, Claudio Giuliano and Alberto Lavelli},
 title = {{Automatic mapping of Wikipedia templates for fast deployment of localized DBpedia datasets}},
 year = {2013},
 series = {IKNOW'13}
 }

